@MISC{TIN,
    author = "{M. Češka, T. Vojnar, A. Smrčka, A. Rogalewicz}",
    title  = "{\it Teoretická informatika - Studijní text}",
    year   = "2018-08-23",
    url    = "http://www.fit.vutbr.cz/study/courses/TIN/public/Texty/TIN-studijni-text.pdf",
    note   = "[Online; Accessed: 2018-10-15]",
}

